<collection xmlns="http://www.loc.gov/MARC21/slim">
   <record>
      <leader>04627cam a2200529 i 4500</leader>
      <controlfield tag="001">6815594</controlfield>
      <controlfield tag="003">OCoLC</controlfield>
      <controlfield tag="005">20150223113022.0</controlfield>
      <controlfield tag="008">140606t20152015inua     b    001 0 eng  </controlfield>
      <datafield ind1=" " ind2=" " tag="010">
         <subfield code="a">  2014017906</subfield>
      </datafield>
      <datafield ind1=" " ind2=" " tag="020">
         <subfield code="a">9780253014849</subfield>
         <subfield code="q">hardcover</subfield>
      </datafield>
      <datafield ind1=" " ind2=" " tag="020">
         <subfield code="a">0253014840</subfield>
         <subfield code="q">hardcover</subfield>
      </datafield>
      <datafield ind1=" " ind2=" " tag="020">
         <subfield code="z">9780253014894</subfield>
         <subfield code="q">ebook</subfield>
      </datafield>
      <datafield ind1=" " ind2=" " tag="035">
         <subfield code="a">ocn881418195</subfield>
      </datafield>
      <datafield ind1=" " ind2=" " tag="040">
         <subfield code="a">DLC</subfield>
         <subfield code="b">eng</subfield>
         <subfield code="e">rda</subfield>
         <subfield code="c">DLC</subfield>
         <subfield code="d">YDX</subfield>
         <subfield code="d">YDXCP</subfield>
         <subfield code="d">VKC</subfield>
         <subfield code="d">OCLCO</subfield>
         <subfield code="d">IUL</subfield>
         <subfield code="d">UAB</subfield>
         <subfield code="d">AEU</subfield>
      </datafield>
      <datafield ind1=" " ind2=" " tag="042">
         <subfield code="a">pcc</subfield>
      </datafield>
      <datafield ind1=" " ind2=" " tag="043">
         <subfield code="a">e-ru---</subfield>
         <subfield code="a">e-ur---</subfield>
      </datafield>
      <datafield ind1="0" ind2="0" tag="050">
         <subfield code="a">DK573</subfield>
         <subfield code="b">.M33 2015</subfield>
      </datafield>
      <datafield ind1="0" ind2="0" tag="082">
         <subfield code="a">363.6/909472109043</subfield>
         <subfield code="2">23</subfield>
      </datafield>
      <datafield ind1=" " ind2=" " tag="090">
         <subfield code="a">DK 573 M33 2015</subfield>
         <subfield code="b">AEU</subfield>
      </datafield>
      <datafield ind1="1" ind2=" " tag="100">
         <subfield code="a">Maddox, Steven,</subfield>
         <subfield code="d">1979-</subfield>
         <subfield code="e">author.</subfield>
         <subfield code="0">http://id.loc.gov/authorities/names/n2014033666</subfield>
         <subfield code="0">http://viaf.org/viaf/308757307</subfield>
      </datafield>
      <datafield ind1="1" ind2="0" tag="245">
         <subfield code="a">Saving Stalin's imperial city :</subfield>
         <subfield code="b">historic preservation in Leningrad, 1930-1950 /</subfield>
         <subfield code="c">Steven Maddox.</subfield>
      </datafield>
      <datafield ind1="3" ind2="0" tag="246">
         <subfield code="a">Historic preservation in Leningrad, 1930-1950</subfield>
      </datafield>
      <datafield ind1=" " ind2="1" tag="264">
         <subfield code="a">Bloomington :</subfield>
         <subfield code="b">Indiana University Press,</subfield>
         <subfield code="c">[2015]</subfield>
      </datafield>
      <datafield ind1=" " ind2="4" tag="264">
         <subfield code="c">©2015</subfield>
      </datafield>
      <datafield ind1=" " ind2=" " tag="300">
         <subfield code="a">xi, 284 pages :</subfield>
         <subfield code="b">illustrations ;</subfield>
         <subfield code="c">24 cm</subfield>
      </datafield>
      <datafield ind1=" " ind2=" " tag="336">
         <subfield code="a">text</subfield>
         <subfield code="b">txt</subfield>
         <subfield code="2">rdacontent</subfield>
         <subfield code="0">http://id.loc.gov/vocabulary/contentTypes/txt</subfield>
      </datafield>
      <datafield ind1=" " ind2=" " tag="337">
         <subfield code="a">unmediated</subfield>
         <subfield code="b">n</subfield>
         <subfield code="2">rdamedia</subfield>
         <subfield code="0">http://id.loc.gov/vocabulary/mediaTypes/n</subfield>
      </datafield>
      <datafield ind1=" " ind2=" " tag="338">
         <subfield code="a">volume</subfield>
         <subfield code="b">nc</subfield>
         <subfield code="2">rdacarrier</subfield>
         <subfield code="0">http://id.loc.gov/vocabulary/carriers/nc</subfield>
      </datafield>
      <datafield ind1=" " ind2=" " tag="504">
         <subfield code="a">Includes bibliographical references and index.</subfield>
      </datafield>
      <datafield ind1="0" ind2=" " tag="505">
         <subfield code="a">Old Petersburg, preservation movements, and the Soviet state's "turn to the past" -- These monuments must be protected! : Leningrad's imperial cityscape at war -- Projecting Soviet power : historic restoration as commemoration in postwar Leningrad -- "When Ivan comes, there will be nothing left" : rebuilding and reimagining the historic monuments in Leningrad's suburbs -- Becoming "Leningraders" : official commemorations of the Blockade -- Cold War complications : Soviet patriotism, historic restoration, and the end of Blockade commemorations.</subfield>
      </datafield>
      <datafield ind1="2" ind2=" " tag="520">
         <subfield code="a">"Saving Stalin's Imperial City is a story of preservation, restoration, and commemoration in Leningrad during and after World War II. It is a history of the successes and failures in historic preservation and of Leningraders' determination to preserve the memory of the terrible siege the city had survived. The book stresses the counterintuitive nature of Stalinist policies, which allocated scarce wartime resources to save historic monuments from the tsarist and imperial past when the very existence of the Soviet state was threatened, and again after the war, when housing, hospitals, and schools needed to be rebuilt. While not all monuments were safe from destruction, the state's ideological move toward promoting Soviet patriotism led to policies that promoted heritage preservation, especially after Germany systematically sought to destroy monuments as a means of erasing evidence of Russian history and culture. When the war ended, Leningrad was at the forefront of a concerted restoration effort, fueled by commemorations that glorified the city's wartime experience, encouraged civic pride, and mobilized residents to restore their hometown. For Leningrad, the restoration of monuments and commemorations of the siege were intimately intertwined, served similar purposes, and were mutually reinforcing"--Provided by publisher.</subfield>
      </datafield>
      <datafield ind1=" " ind2=" " tag="596">
         <subfield code="a">16</subfield>
      </datafield>
      <datafield ind1=" " ind2="0" tag="650">
         <subfield code="a">Historic preservation</subfield>
         <subfield code="z">Russia (Federation)</subfield>
         <subfield code="z">Saint Petersburg</subfield>
         <subfield code="x">History</subfield>
         <subfield code="y">20th century.</subfield>
      </datafield>
      <datafield ind1=" " ind2="0" tag="650">
         <subfield code="a">Historic buildings</subfield>
         <subfield code="x">Conservation and restoration</subfield>
         <subfield code="z">Russia (Federation)</subfield>
         <subfield code="z">Saint Petersburg</subfield>
         <subfield code="x">History</subfield>
         <subfield code="y">20th century.</subfield>
      </datafield>
      <datafield ind1=" " ind2="0" tag="650">
         <subfield code="a">Monuments</subfield>
         <subfield code="x">Conservation and restoration</subfield>
         <subfield code="z">Russia (Federation)</subfield>
         <subfield code="z">Saint Petersburg</subfield>
         <subfield code="x">History</subfield>
         <subfield code="y">20th century.</subfield>
      </datafield>
      <datafield ind1=" " ind2="0" tag="650">
         <subfield code="a">Architecture</subfield>
         <subfield code="x">Conservation and restoration</subfield>
         <subfield code="z">Russia (Federation)</subfield>
         <subfield code="z">Saint Petersburg</subfield>
         <subfield code="x">History</subfield>
         <subfield code="y">20th century.</subfield>
      </datafield>
      <datafield ind1=" " ind2="0" tag="650">
         <subfield code="a">City planning</subfield>
         <subfield code="z">Russia (Federation)</subfield>
         <subfield code="z">Saint Petersburg</subfield>
         <subfield code="x">History</subfield>
         <subfield code="y">20th century.</subfield>
      </datafield>
      <datafield ind1=" " ind2="0" tag="650">
         <subfield code="a">Memorials</subfield>
         <subfield code="z">Russia (Federation)</subfield>
         <subfield code="z">Saint Petersburg</subfield>
         <subfield code="x">History</subfield>
         <subfield code="y">20th century.</subfield>
      </datafield>
      <datafield ind1=" " ind2="0" tag="650">
         <subfield code="a">Historic preservation</subfield>
         <subfield code="x">Government policy</subfield>
         <subfield code="z">Soviet Union</subfield>
         <subfield code="x">History.</subfield>
      </datafield>
      <datafield ind1=" " ind2="0" tag="651">
         <subfield code="a">Saint Petersburg (Russia)</subfield>
         <subfield code="x">Buildings, structures, etc.</subfield>
         <subfield code="0">http://id.loc.gov/authorities/subjects/sh2008116840</subfield>
      </datafield>
      <datafield ind1=" " ind2="0" tag="651">
         <subfield code="a">Saint Petersburg (Russia)</subfield>
         <subfield code="x">History</subfield>
         <subfield code="y">Siege, 1941-1944.</subfield>
         <subfield code="0">http://id.loc.gov/authorities/subjects/sh93001009</subfield>
      </datafield>
      <datafield ind1=" " ind2="0" tag="651">
         <subfield code="a">Soviet Union</subfield>
         <subfield code="x">Cultural policy.</subfield>
         <subfield code="0">http://id.loc.gov/authorities/subjects/sh2008117062</subfield>
      </datafield>
      <datafield ind1=" " ind2=" " tag="758">
         <subfield code="0">http://worldcat.org/entity/work/id/23909178</subfield>
      </datafield>
      <datafield ind1="0" ind2=" " tag="787">
         <subfield code="n">OCLC Work Id</subfield>
         <subfield code="o">http://worldcat.org/entity/work/id/23909178</subfield>
      </datafield>
      <datafield ind1=" " ind2=" " tag="949">
         <subfield code="a">DK 573 M33 2015</subfield>
         <subfield code="h">UAAU-B</subfield>
         <subfield code="i">0162035249349</subfield>
      </datafield>
      <datafield ind1=" " ind2=" " tag="926">
         <subfield code="a">DK 573 M33 2015</subfield>
         <subfield code="w">LC</subfield>
         <subfield code="c">1</subfield>
         <subfield code="i">0162035249349</subfield>
         <subfield code="l">ON_SHELF</subfield>
         <subfield code="m">UAAUG</subfield>
         <subfield code="p">$150.00</subfield>
         <subfield code="r">Y</subfield>
         <subfield code="s">Y</subfield>
         <subfield code="t">BOOK</subfield>
         <subfield code="u">3/4/2015</subfield>
      </datafield>
   </record>
</collection>
